@inproceedings{Barham_SOSP03,
author = {P. Barham and B. Dragovic and K. Fraser and S. Hand and T. Harris and A. Ho and R. Neugebauer and I. Pratt and A. Warfield},
title = {{Xen and the art of virtualization}},
booktitle = {Proc. of the ACM Symposium on Operating Systems Principles},
year = {2003}
}

@inproceedings{Bautin_MCNC08,
author = {M. Bautin and A. Dwarakinath and T. Chiueh},
title = {{Graphics engine resource management}},
booktitle = {Proc. of the Annual Multimedia Computing and Networking Conference},
year = {2008}
}

@article{Dowty_SIGOPS09,
author = {M. Dowty and J. Sugeman},
title = {{GPU virtualization on VMware's hosted I/O architecture}},
journal = {ACM SIGOPS Operating Systems Review},
volume = {43},
number = {3},
pages = {73--82},
year = {2009}
}

@inproceedings{Gulati_FAST09,
author = {A. Gulati and I. Ahmad and C. Waldspurger},
title = {{PARDA: Proportional allocation of resources for distributed storage access}},
booktitle = {Proc. of the USENIX Conference on File and Storage Technology},
year = {2009}
}

@inproceedings{Gupta_ATC11,
author = {V. Gupta and K. Schwan and N. Tolia and V. Talwar and P. Ranganathan},
title = {{Pegasus: Coordinated scheduling for virtualized accelerator-based systems}},
booktitle = {Proc. of the USENIX Annual Technical Conference},
year = {2011}
}

@inproceedings{Han_SIGCOMM10,
author = {S. Hand and K. Jang and K. Park and S. Moon},
title = {{PacketShader: a GPU-accelerated software router}},
booktitle = {Proc. of ACM SIGCOMM},
year = {2010}
}

@inproceedings{Jablin_PLDI11,
author = {T. Jablin and P. Prabhu and J. Jablin and N. Johnson and S. Beard and D. August},
title = {{Automatic CPU-GPU communication management and optimization}},
booktitle = {Proc. of the ACM Conference on Programming Language Design and Implementation},
year = {2011}
}

@inproceedings{Jang_NSDI11,
author = {K. Jang and S. Han and S. Han and S. Moon and K. Park},
title = {{SSLShader: Cheap SSL acceleration with commodity processors}},
booktitle = {Proc. of the USENIX Conference on Networked Systems Design and Implementation},
year = {2011}
}
@inproceedings{Kato_ATC11,
author = {S. Kato and K. Lakshmanan and R. Rajkumar and Y. Ishikawa},
title = {{TimeGraph: GPU scheduling for real-time multi-tasking environments}},
booktitle = {Proc. of the USENIX Annual Technical Conference},
year = {2011}
}

@inproceedings{Kato_OSPERT11,
author = {S. Kato and S. Brandt and Y. Ishikawa and R. Rajkumar},
title = {{Operating systems challenges for GPU resource management}},
booktitle = {Proc. of the International Workshop on Operating Systems Platforms for Embedded Real-Time Applications},
pages = {23--32},
year = {2011}
}

@inproceedings{Kato_RTAS11,
author = {S. Kato and K. Lakshmanan and Y. Ishikawa and R. Rajkumar},
title = {{Resource sharing in GPU-accelerated windowing systems}},
booktitle = {Proc. of the IEEE Real-Time and Embedded Technology and Aplications Symposium},
pages = {191--200},
year = {2011}
}

@inproceedings{Kato_RTSS11,
author = {S. Kato and K. Lakshmanan and A. Kumar and M. Kelkar and Y. Ishikawa and R. Rajkumar},
title = {{RGEM: A responsive GPGPU execution model for runtime engines}},
booktitle = {Proc. of the IEEE Real-Time Systems Symposium},
pages = {57--66},
year = {2011}
}

@inproceedings{Lagar-Cavilla_VEE07,
author = {H.A. Lagar-Cavilla and N. Tolia and M. Satyanarayanan and E. de Lara},
title = {{VMM-independent graphics acceleration}},
booktitle = {Proc. of the ACM/Usenix International Conference on Virtual Execution Environments},
pages = {33--43},
year = {2007}
}

@inproceedings{McNaughton_ICRA11,
author = {M. McNaughton and C. Urmson and J. Dolan and J-W. Lee},
title = {{Motion Planning for Autonomous Driving with a Conformal Spatiotemporal Lattice}},
booktitle = {Proc. of the IEE International Conference on Robotics and Automation},
pages = {4889--4895},
year = {2011}
}

@inproceedings{Povzner_EUROSYS08,
author = {A. Povzner and T. Kaldewy and S. Brandt and R. Golding and T. Wong and C. Maltzahn},
title = {{Efficient guaranteed disk request scheduling with Fahrrad}},
booktitle = {Proc. of the ACM European Conference on Computer Systems},
pages = {13--25},
year = {2008}
}

@inproceedings{Rossbach_SOSP11,
author = {C. Rossbach and J. Currey and M. Silberstein and B. Ray and E. Witchel},
title = {{PTask: Operating system abstractions to manage GPUs as compute devices}},
booktitle = {Proc. of the ACM Symposium on Operating Systems Principles},
year = {2011}
}

@inproceedings{Shimokawabe10,
author = {T. Shimokawabe and T. Aoki and C. Muroi and J. Ishida and K. Kawano and T> Endo and A. Nukada and N. Maruyama and S. Matsuoka},
title = {{An 80-Fold Speedup, 15.0 TFlops, Full GPU Acceleration of Non-Hydrostatic Weather Model ASUCA Production Code}},
booktitle = {Proceedings of the ACM/IEEE International Conference on High Performance Computing, Networking, Storage and Analysis},
year = {2010}
}

@misc{Sun_SECURITY11_Poster,
author = {W. Sun and R. Ricci},
title = {{Using GPUs for OS kernel security}},
howpublished = {USENIX Security, Poster Session},
year = {2011}
}

@inproceedings{Wang_FAST07,
author = {Y. Wang and A. Merchant},
title = {{Proportional-share scheduling for distributed storage systems}},
booktitle = {Proc. of the USENIX Conference on File and Storage Technology},
year = {2007}
}

@misc{OpenCL12,
author = {Khronos Group},
title = {{OpenCL 1.2}},
howpublished = {\url{http://www.khronos.org/opencl}},
year = {2011}
}

@misc{CUDA40,
author = {NVIDIA},
title = {{CUDA 4.0}},
howpublished = {\url{http://developer.nvidia.com/cuda-toolkit-40}},
year = {2011}
}

@misc{TOP500,
author = {{TOP500~SUPERCOMPUTING~SITES}},
howpublished = {\url{http://www.top500.org/}},
year = {2011}
}

